<?xml version = "1.0" encoding = "UTF-8"?><record>
  <leader>02558nas#a2200577#ca4500</leader>
  <controlfield tag="005">20210109202507.0</controlfield>
  <controlfield tag="007">tu</controlfield>
  <controlfield tag="008">991122m19979999xxka|#p#######|####|eng#c</controlfield>
  <controlfield tag="001">990056351280206441</controlfield>
  <datafield tag="016" ind1="7" ind2=" ">
    <subfield code="a">018606709</subfield>
    <subfield code="2">DE-101b</subfield>
  </datafield>
  <datafield tag="016" ind1="7" ind2=" ">
    <subfield code="a">1361914-7</subfield>
    <subfield code="2">DE-600</subfield>
  </datafield>
  <datafield tag="016" ind1="7" ind2=" ">
    <subfield code="a">1070841596</subfield>
    <subfield code="2">OCoLC</subfield>
  </datafield>
  <datafield tag="022" ind1=" " ind2=" ">
    <subfield code="a">0072-5730</subfield>
    <subfield code="0">(uri) http://worldcat.org/issn/0072-5730</subfield>
  </datafield>
  <datafield tag="035" ind1=" " ind2=" ">
    <subfield code="a">(DE-605)HT007438953</subfield>
  </datafield>
  <datafield tag="035" ind1=" " ind2=" ">
    <subfield code="a">(DE-600)1361914-7</subfield>
  </datafield>
  <datafield tag="035" ind1=" " ind2=" ">
    <subfield code="a">(OCoLC)1070841596</subfield>
    <subfield code="0">(uri) http://www.worldcat.org/oclc/1070841596</subfield>
  </datafield>
  <datafield tag="035" ind1=" " ind2=" ">
    <subfield code="a">(DE-599)ZDB1361914-7</subfield>
  </datafield>
  <datafield tag="040" ind1=" " ind2=" ">
    <subfield code="a">9001</subfield>
    <subfield code="b">ger</subfield>
    <subfield code="c">DNB</subfield>
    <subfield code="d">9001</subfield>
  </datafield>
  <datafield tag="041" ind1=" " ind2=" ">
    <subfield code="a">eng</subfield>
  </datafield>
  <datafield tag="044" ind1=" " ind2=" ">
    <subfield code="c">XA-GB</subfield>
  </datafield>
  <datafield tag="084" ind1=" " ind2=" ">
    <subfield code="a">310</subfield>
    <subfield code="q">DE-600</subfield>
    <subfield code="2">zdbs</subfield>
  </datafield>
  <datafield tag="084" ind1=" " ind2=" ">
    <subfield code="a">QG 410</subfield>
    <subfield code="2">rvk</subfield>
  </datafield>
  <datafield tag="084" ind1=" " ind2=" ">
    <subfield code="a">HD 400</subfield>
    <subfield code="2">rvk</subfield>
  </datafield>
  <datafield tag="110" ind1="2" ind2=" ">
    <subfield code="a">Gro&#223;britannien</subfield>
    <subfield code="b">Office for National Statistics</subfield>
    <subfield code="0">(DE-588)5176735-1</subfield>
    <subfield code="4">aut</subfield>
    <subfield code="0">(uri) https://portal.dnb.de/opac.htm?method=simpleSearch&amp;cqlMode=true&amp;query=idn=948101210</subfield>
    <subfield code="0">(uri) http://viaf.org/viaf/sourceID/DNB|948101210</subfield>
    <subfield code="B">GND-948101210</subfield>
  </datafield>
  <datafield tag="245" ind1="1" ind2="0">
    <subfield code="a">Annual abstract of statistics / Office for National Statistics</subfield>
  </datafield>
  <datafield tag="247" ind1="0" ind2="0">
    <subfield code="a">&lt;&lt;a&gt;&gt; publication of the Government Statistical Service</subfield>
    <subfield code="f">Zusatz bis 136.2000</subfield>
  </datafield>
  <datafield tag="264" ind1="3" ind2="1">
    <subfield code="a">London</subfield>
    <subfield code="b">Dandy Booksellers</subfield>
    <subfield code="c">1997-</subfield>
  </datafield>
  <datafield tag="264" ind1="2" ind2="1">
    <subfield code="a">London</subfield>
    <subfield code="b">&lt;&lt;The&gt;&gt; Stationery Office</subfield>
    <subfield code="c">-2004</subfield>
  </datafield>
  <datafield tag="264" ind1="2" ind2="1">
    <subfield code="a">Basingstoke [u.a.]</subfield>
    <subfield code="b">Palgrave Macmillan</subfield>
    <subfield code="c">fr&#252;her</subfield>
  </datafield>
  <datafield tag="264" ind1="2" ind2="1">
    <subfield code="a">Newport</subfield>
    <subfield code="b">Office for National Statistics</subfield>
    <subfield code="c">2005-[?]</subfield>
  </datafield>
  <datafield tag="336" ind1=" " ind2=" ">
    <subfield code="b">txt</subfield>
  </datafield>
  <datafield tag="337" ind1=" " ind2=" ">
    <subfield code="b">n</subfield>
  </datafield>
  <datafield tag="338" ind1=" " ind2=" ">
    <subfield code="b">nc</subfield>
  </datafield>
  <datafield tag="362" ind1="0" ind2=" ">
    <subfield code="a">133.1997 -</subfield>
  </datafield>
  <datafield tag="363" ind1="0" ind2="1">
    <subfield code="8">1.1\x</subfield>
    <subfield code="a">133</subfield>
    <subfield code="i">1997</subfield>
  </datafield>
  <datafield tag="500" ind1=" " ind2=" ">
    <subfield code="a">Urh. bis 136.2000: Office for National Statistics</subfield>
    <subfield code="9">F:509</subfield>
  </datafield>
  <datafield tag="591" ind1=" " ind2=" ">
    <subfield code="a">464!180-4,2!l&#228;uft weiter(31-05-12)355!180-4,2!l&#228;uft weiter(07-01-15)C(148.2012 u. 149.2013 vorh., s. Abl., 03-06-15)</subfield>
  </datafield>
  <datafield tag="655" ind1=" " ind2="7">
    <subfield code="a">Zeitschrift</subfield>
    <subfield code="0">(DE-588)4067488-5</subfield>
    <subfield code="2">gnd-content</subfield>
    <subfield code="B">GND-040674886</subfield>
  </datafield>
  <datafield tag="655" ind1=" " ind2="7">
    <subfield code="a">Quelle</subfield>
    <subfield code="0">(DE-588)4135952-5</subfield>
    <subfield code="2">gnd-content</subfield>
  </datafield>
  <datafield tag="689" ind1="0" ind2="0">
    <subfield code="a">Gro&#223;britannien</subfield>
    <subfield code="D">g</subfield>
    <subfield code="0">(DE-588)4022153-2</subfield>
    <subfield code="0">(uri) https://portal.dnb.de/opac.htm?method=simpleSearch&amp;cqlMode=true&amp;query=idn=040221539</subfield>
    <subfield code="0">(uri) http://viaf.org/viaf/sourceID/DNB|040221539</subfield>
    <subfield code="B">GND-040221539</subfield>
  </datafield>
  <datafield tag="689" ind1="0" ind2="1">
    <subfield code="a">Amtliche Statistik</subfield>
    <subfield code="D">s</subfield>
    <subfield code="0">(DE-588)4126610-9</subfield>
    <subfield code="0">(uri) https://portal.dnb.de/opac.htm?method=simpleSearch&amp;cqlMode=true&amp;query=idn=041266102</subfield>
    <subfield code="0">(uri) http://viaf.org/viaf/sourceID/DNB|041266102</subfield>
    <subfield code="B">GND-041266102</subfield>
  </datafield>
  <datafield tag="689" ind1="0" ind2="2">
    <subfield code="a">Geschichte 1997-2010</subfield>
    <subfield code="A">z</subfield>
  </datafield>
  <datafield tag="689" ind1="0" ind2="3">
    <subfield code="a">Quelle</subfield>
    <subfield code="A">f</subfield>
  </datafield>
  <datafield tag="689" ind1="0" ind2=" ">
    <subfield code="5">DE-188</subfield>
    <subfield code="5">DE-602</subfield>
  </datafield>
  <datafield tag="710" ind1="1" ind2=" ">
    <subfield code="a">Gro&#223;britannien</subfield>
    <subfield code="0">(DE-588)4022153-2</subfield>
    <subfield code="4">isb</subfield>
    <subfield code="0">(uri) https://portal.dnb.de/opac.htm?method=simpleSearch&amp;cqlMode=true&amp;query=idn=040221539</subfield>
    <subfield code="0">(uri) http://viaf.org/viaf/sourceID/DNB|040221539</subfield>
    <subfield code="B">GND-040221539</subfield>
  </datafield>
  <datafield tag="776" ind1="0" ind2="8">
    <subfield code="i">Online-Ausg.</subfield>
    <subfield code="a">Gro&#223;britannien / Office for National Statistics</subfield>
    <subfield code="t">Annual abstract of statistics / National Statistics</subfield>
    <subfield code="d">London : The @Stationery Office, 2002-2011</subfield>
    <subfield code="h">Online-Ressource</subfield>
    <subfield code="w">(DE-605)HT013595449</subfield>
  </datafield>
  <datafield tag="780" ind1="0" ind2="0">
    <subfield code="i">Vorg.:</subfield>
    <subfield code="a">Gro&#223;britannien / Central Statistical Office</subfield>
    <subfield code="t">Annual abstract of statistics / Central Statistical Office</subfield>
    <subfield code="d">London : HMSO, 1948-1996</subfield>
    <subfield code="w">(DE-605)HT001365916</subfield>
  </datafield>
  <datafield tag="780" ind1="0" ind2="0">
    <subfield code="i">Online-Ausg. u. Vorg.</subfield>
    <subfield code="a">Gro&#223;britannien / Office for National Statistics</subfield>
    <subfield code="t">Annual abstract of statistics / National Statistics</subfield>
    <subfield code="d">London : The @Stationery Office, 2002-2011</subfield>
    <subfield code="h">Online-Ressource</subfield>
    <subfield code="w">(DE-605)HT013595449</subfield>
  </datafield>
  <datafield tag="964" ind1="0" ind2="s">
    <subfield code="F">030</subfield>
    <subfield code="A">a||u|||||||27</subfield>
  </datafield>
  <datafield tag="964" ind1="0" ind2="s">
    <subfield code="F">050</subfield>
    <subfield code="A">a|a|||||||||||</subfield>
  </datafield>
  <datafield tag="964" ind1="0" ind2="s">
    <subfield code="F">052</subfield>
    <subfield code="A">p||||||aa||||||</subfield>
  </datafield>
  <datafield tag="MBD" ind1=" " ind2=" ">
    <subfield code="M">49HBZ_NETWORK</subfield>
    <subfield code="i">990056351280206441</subfield>
    <subfield code="n">HBZ Network</subfield>
  </datafield>
  <datafield tag="MBD" ind1=" " ind2=" ">
    <subfield code="M">49HBZ_WUP</subfield>
    <subfield code="i">990007682880206447</subfield>
    <subfield code="n">Bergische Universit&#228;t Wuppertal</subfield>
  </datafield>
  <datafield tag="500" ind1=" " ind2=" ">
    <subfield code="a">Urh. bis 136.2000: Office for National Statistics</subfield>
    <subfield code="9">F:509</subfield>
    <subfield code="M">49HBZ_WUP</subfield>
  </datafield>
  <datafield tag="983" ind1=" " ind2=" ">
    <subfield code="b">QFOG</subfield>
    <subfield code="9">LOCAL</subfield>
    <subfield code="M">49HBZ_WUP</subfield>
  </datafield>
  <datafield tag="MBD" ind1=" " ind2=" ">
    <subfield code="M">49HBZ_UBD</subfield>
    <subfield code="i">991006724159706445</subfield>
    <subfield code="n">Technische Universit&#228;t Dortmund</subfield>
  </datafield>
  <datafield tag="500" ind1=" " ind2=" ">
    <subfield code="a">Urh. bis 136.2000: Office for National Statistics</subfield>
    <subfield code="9">F:509</subfield>
    <subfield code="M">49HBZ_UBD</subfield>
  </datafield>
  <datafield tag="980" ind1="1" ind2=" ">
    <subfield code="e">HBZ</subfield>
    <subfield code="9">LOCAL</subfield>
    <subfield code="M">49HBZ_UBD</subfield>
  </datafield>
  <datafield tag="981" ind1=" " ind2=" ">
    <subfield code="a">(DE-290)974357</subfield>
    <subfield code="9">LOCAL</subfield>
    <subfield code="M">49HBZ_UBD</subfield>
  </datafield>
  <datafield tag="997" ind1=" " ind2=" ">
    <subfield code="a">20020723</subfield>
    <subfield code="9">LOCAL</subfield>
    <subfield code="M">49HBZ_UBD</subfield>
  </datafield>
  <datafield tag="MBD" ind1=" " ind2=" ">
    <subfield code="M">49HBZ_BIE</subfield>
    <subfield code="i">991015819149706442</subfield>
    <subfield code="n">Universit&#228;t Bielefeld</subfield>
  </datafield>
  <datafield tag="500" ind1=" " ind2=" ">
    <subfield code="a">Urh. bis 136.2000: Office for National Statistics</subfield>
    <subfield code="9">F:509</subfield>
    <subfield code="M">49HBZ_BIE</subfield>
  </datafield>
  <datafield tag="980" ind1="1" ind2=" ">
    <subfield code="e">HBZ</subfield>
    <subfield code="9">LOCAL</subfield>
    <subfield code="M">49HBZ_BIE</subfield>
  </datafield>
  <datafield tag="981" ind1=" " ind2=" ">
    <subfield code="a">(DE-361)1684996</subfield>
    <subfield code="9">LOCAL</subfield>
    <subfield code="M">49HBZ_BIE</subfield>
  </datafield>
  <datafield tag="997" ind1=" " ind2=" ">
    <subfield code="a">20020121</subfield>
    <subfield code="9">LOCAL</subfield>
    <subfield code="M">49HBZ_BIE</subfield>
  </datafield>
  <datafield tag="MBD" ind1=" " ind2=" ">
    <subfield code="M">49HBZ_UDE</subfield>
    <subfield code="i">990013729580206446</subfield>
    <subfield code="n">Universit&#228;t Duisburg-Essen</subfield>
  </datafield>
  <datafield tag="500" ind1=" " ind2=" ">
    <subfield code="a">Urh. bis 136.2000: Office for National Statistics</subfield>
    <subfield code="9">F:509</subfield>
    <subfield code="M">49HBZ_UDE</subfield>
  </datafield>
  <datafield tag="MBD" ind1=" " ind2=" ">
    <subfield code="M">49HBZ_DUE</subfield>
    <subfield code="i">990010982460206443</subfield>
    <subfield code="n">Universit&#228;t D&#252;sseldorf</subfield>
  </datafield>
  <datafield tag="500" ind1=" " ind2=" ">
    <subfield code="a">Urh. bis 136.2000: Office for National Statistics</subfield>
    <subfield code="9">F:509</subfield>
    <subfield code="M">49HBZ_DUE</subfield>
  </datafield>
  <datafield tag="996" ind1=" " ind2=" ">
    <subfield code="a">Amt</subfield>
    <subfield code="9">LOCAL</subfield>
    <subfield code="M">49HBZ_DUE</subfield>
  </datafield>
  <datafield tag="996" ind1=" " ind2=" ">
    <subfield code="a">amtlich</subfield>
    <subfield code="9">LOCAL</subfield>
    <subfield code="M">49HBZ_DUE</subfield>
  </datafield>
  <datafield tag="996" ind1=" " ind2=" ">
    <subfield code="a">amtliche Statistik</subfield>
    <subfield code="9">LOCAL</subfield>
    <subfield code="M">49HBZ_DUE</subfield>
  </datafield>
  <datafield tag="MNG" ind1=" " ind2=" ">
    <subfield code="c">System</subfield>
    <subfield code="f">ILS</subfield>
    <subfield code="i">marc21</subfield>
    <subfield code="k">01</subfield>
    <subfield code="e">false</subfield>
    <subfield code="d">2021-01-09 20:25:07 Europe/Berlin</subfield>
    <subfield code="g">005635128-HBZ01</subfield>
    <subfield code="j">90</subfield>
    <subfield code="a">import</subfield>
    <subfield code="b">2020-11-22 20:27:42 Europe/Berlin</subfield>
  </datafield>
  <datafield tag="H52" ind1=" " ind2=" ">
    <subfield code="b">W0001</subfield>
    <subfield code="c">46</subfield>
    <subfield code="h"></subfield>
    <subfield code="8">2296563370006447</subfield>
  </datafield>
  <datafield tag="HOL" ind1=" " ind2=" ">
    <subfield code="b">2020-11-19 12:44:06</subfield>
    <subfield code="8">2296563370006447</subfield>
    <subfield code="M">49HBZ_WUP</subfield>
    <subfield code="g">false</subfield>
    <subfield code="a">import</subfield>
  </datafield>
  <datafield tag="H16" ind1="7" ind2=" ">
    <subfield code="a">1361914-7</subfield>
    <subfield code="2">DE-600</subfield>
    <subfield code="8">2296563350006447</subfield>
  </datafield>
  <datafield tag="H35" ind1=" " ind2=" ">
    <subfield code="a">(DE-600)051284537</subfield>
    <subfield code="8">2296563350006447</subfield>
  </datafield>
  <datafield tag="H92" ind1=" " ind2=" ">
    <subfield code="a">561000-x</subfield>
    <subfield code="k">NRW</subfield>
    <subfield code="l">a</subfield>
    <subfield code="o">c</subfield>
    <subfield code="8">2296563350006447</subfield>
  </datafield>
  <datafield tag="H52" ind1="8" ind2="1">
    <subfield code="b">W0001</subfield>
    <subfield code="c">46</subfield>
    <subfield code="h">QFOG1037</subfield>
    <subfield code="8">2296563350006447</subfield>
  </datafield>
  <datafield tag="H59" ind1="0" ind2="0">
    <subfield code="8">1.1\x</subfield>
    <subfield code="a">133</subfield>
    <subfield code="i">1997</subfield>
    <subfield code="8">2296563350006447</subfield>
  </datafield>
  <datafield tag="H59" ind1="1" ind2="0">
    <subfield code="8">1.2\x</subfield>
    <subfield code="a">142</subfield>
    <subfield code="i">2006</subfield>
    <subfield code="8">2296563350006447</subfield>
  </datafield>
  <datafield tag="H66" ind1="3" ind2="0">
    <subfield code="a">133.1997 - 142.2006</subfield>
    <subfield code="8">2296563350006447</subfield>
  </datafield>
  <datafield tag="HOL" ind1=" " ind2=" ">
    <subfield code="b">2020-11-19 12:44:06</subfield>
    <subfield code="8">2296563350006447</subfield>
    <subfield code="M">49HBZ_WUP</subfield>
    <subfield code="g">false</subfield>
    <subfield code="a">import</subfield>
  </datafield>
  <datafield tag="ITM" ind1=" " ind2=" ">
    <subfield code="H">2296563370006447</subfield>
    <subfield code="x">46</subfield>
    <subfield code="f">BOOK</subfield>
    <subfield code="v">46</subfield>
    <subfield code="p">12</subfield>
    <subfield code="X">System</subfield>
    <subfield code="U">1997-03-17 10:59:00</subfield>
    <subfield code="Y">2020-12-04 14:48:37</subfield>
    <subfield code="h">false</subfield>
    <subfield code="n">QFOG1037</subfield>
    <subfield code="M">49HBZ_WUP</subfield>
    <subfield code="s">1</subfield>
    <subfield code="d">#</subfield>
    <subfield code="V">import</subfield>
    <subfield code="b">000068009000010</subfield>
    <subfield code="a">2396563360006447</subfield>
    <subfield code="t">8</subfield>
    <subfield code="W">2020-11-19 12:44:06</subfield>
    <subfield code="u">W0001</subfield>
    <subfield code="w">W0001</subfield>
  </datafield>
  <datafield tag="H16" ind1="7" ind2=" ">
    <subfield code="a">1361914-7</subfield>
    <subfield code="2">DE-600</subfield>
    <subfield code="8">2294520470006445</subfield>
  </datafield>
  <datafield tag="H35" ind1=" " ind2=" ">
    <subfield code="a">(DE-600)060933542</subfield>
    <subfield code="8">2294520470006445</subfield>
  </datafield>
  <datafield tag="H35" ind1=" " ind2=" ">
    <subfield code="a">(DE-290)060933542-49hbz_ubd</subfield>
    <subfield code="8">2294520470006445</subfield>
  </datafield>
  <datafield tag="H92" ind1=" " ind2=" ">
    <subfield code="a">463000-2</subfield>
    <subfield code="d">290</subfield>
    <subfield code="k">NRW</subfield>
    <subfield code="l">a</subfield>
    <subfield code="o">c</subfield>
    <subfield code="8">2294520470006445</subfield>
  </datafield>
  <datafield tag="H52" ind1=" " ind2=" ">
    <subfield code="b">ZB</subfield>
    <subfield code="c">ZS</subfield>
    <subfield code="8">1</subfield>
    <subfield code="h">ZF 1504</subfield>
    <subfield code="9">00</subfield>
    <subfield code="8">2294520470006445</subfield>
  </datafield>
  <datafield tag="H59" ind1="0" ind2="0">
    <subfield code="8">1.1\x</subfield>
    <subfield code="a">133</subfield>
    <subfield code="i">1997</subfield>
    <subfield code="8">2294520470006445</subfield>
  </datafield>
  <datafield tag="H59" ind1="1" ind2="0">
    <subfield code="8">1.2\x</subfield>
    <subfield code="a">134</subfield>
    <subfield code="i">1998</subfield>
    <subfield code="8">2294520470006445</subfield>
  </datafield>
  <datafield tag="H66" ind1="3" ind2="0">
    <subfield code="a">133.1997 - 134.1998</subfield>
    <subfield code="8">2294520470006445</subfield>
  </datafield>
  <datafield tag="HOL" ind1=" " ind2=" ">
    <subfield code="b">2020-11-26 20:29:03</subfield>
    <subfield code="8">2294520470006445</subfield>
    <subfield code="M">49HBZ_UBD</subfield>
    <subfield code="g">false</subfield>
    <subfield code="a">import</subfield>
  </datafield>
  <datafield tag="H16" ind1="7" ind2=" ">
    <subfield code="a">1361914-7</subfield>
    <subfield code="2">DE-600</subfield>
    <subfield code="8">22142481960006442</subfield>
  </datafield>
  <datafield tag="H35" ind1=" " ind2=" ">
    <subfield code="a">(DE-600)051284499</subfield>
    <subfield code="8">22142481960006442</subfield>
  </datafield>
  <datafield tag="H35" ind1=" " ind2=" ">
    <subfield code="a">(DE-361)051284499-49hbz_bie</subfield>
    <subfield code="8">22142481960006442</subfield>
  </datafield>
  <datafield tag="H92" ind1=" " ind2=" ">
    <subfield code="a">481000-4</subfield>
    <subfield code="d">361</subfield>
    <subfield code="k">NRW</subfield>
    <subfield code="l">a</subfield>
    <subfield code="o">c</subfield>
    <subfield code="8">22142481960006442</subfield>
  </datafield>
  <datafield tag="H52" ind1=" " ind2=" ">
    <subfield code="b">UB_BI</subfield>
    <subfield code="c">13W_Zs</subfield>
    <subfield code="8">1</subfield>
    <subfield code="h">13 IP500.GB A6A1S</subfield>
    <subfield code="9">00</subfield>
    <subfield code="8">22142481960006442</subfield>
  </datafield>
  <datafield tag="H59" ind1="0" ind2="0">
    <subfield code="8">1.1\x</subfield>
    <subfield code="a">133</subfield>
    <subfield code="i">1997</subfield>
    <subfield code="8">22142481960006442</subfield>
  </datafield>
  <datafield tag="H59" ind1="1" ind2="0">
    <subfield code="8">1.2\x</subfield>
    <subfield code="a">134</subfield>
    <subfield code="i">1998</subfield>
    <subfield code="8">22142481960006442</subfield>
  </datafield>
  <datafield tag="H66" ind1="3" ind2="0">
    <subfield code="a">133.1997 - 134.1998</subfield>
    <subfield code="8">22142481960006442</subfield>
  </datafield>
  <datafield tag="HOL" ind1=" " ind2=" ">
    <subfield code="b">2020-11-22 19:35:59</subfield>
    <subfield code="8">22142481960006442</subfield>
    <subfield code="M">49HBZ_BIE</subfield>
    <subfield code="g">false</subfield>
    <subfield code="a">import</subfield>
  </datafield>
  <datafield tag="H16" ind1="7" ind2=" ">
    <subfield code="a">1361914-7</subfield>
    <subfield code="2">DE-600</subfield>
    <subfield code="8">22173922050006446</subfield>
  </datafield>
  <datafield tag="H35" ind1=" " ind2=" ">
    <subfield code="a">(DE-600)051284529</subfield>
    <subfield code="8">22173922050006446</subfield>
  </datafield>
  <datafield tag="H92" ind1=" " ind2=" ">
    <subfield code="a">411000-6</subfield>
    <subfield code="k">NRW</subfield>
    <subfield code="l">a</subfield>
    <subfield code="o">b</subfield>
    <subfield code="p">x</subfield>
    <subfield code="8">22173922050006446</subfield>
  </datafield>
  <datafield tag="H52" ind1="8" ind2="1">
    <subfield code="a">DE-464</subfield>
    <subfield code="b">D0001</subfield>
    <subfield code="c">D00</subfield>
    <subfield code="h">01 Z 345</subfield>
    <subfield code="8">22173922050006446</subfield>
  </datafield>
  <datafield tag="H59" ind1="0" ind2="0">
    <subfield code="8">1.1\x</subfield>
    <subfield code="a">133</subfield>
    <subfield code="i">1997</subfield>
    <subfield code="8">22173922050006446</subfield>
  </datafield>
  <datafield tag="H59" ind1="1" ind2="0">
    <subfield code="8">1.2\x</subfield>
    <subfield code="a">146</subfield>
    <subfield code="i">2010</subfield>
    <subfield code="8">22173922050006446</subfield>
  </datafield>
  <datafield tag="H66" ind1="3" ind2="0">
    <subfield code="a">133.1997 - 146.2010</subfield>
    <subfield code="8">22173922050006446</subfield>
  </datafield>
  <datafield tag="HOL" ind1=" " ind2=" ">
    <subfield code="b">2020-11-17 19:43:34</subfield>
    <subfield code="8">22173922050006446</subfield>
    <subfield code="M">49HBZ_UDE</subfield>
    <subfield code="g">false</subfield>
    <subfield code="a">import</subfield>
  </datafield>
  <datafield tag="ITM" ind1=" " ind2=" ">
    <subfield code="H">22173922050006446</subfield>
    <subfield code="x">D00</subfield>
    <subfield code="f">ISSBD</subfield>
    <subfield code="v">D00</subfield>
    <subfield code="p">30</subfield>
    <subfield code="X">System</subfield>
    <subfield code="U">2007-12-07 10:59:00</subfield>
    <subfield code="Y">2021-04-07 16:07:08</subfield>
    <subfield code="h">false</subfield>
    <subfield code="e">00001</subfield>
    <subfield code="n">01Z345_d</subfield>
    <subfield code="P">01/a//</subfield>
    <subfield code="j">143</subfield>
    <subfield code="i">2007</subfield>
    <subfield code="M">49HBZ_UDE</subfield>
    <subfield code="s">1</subfield>
    <subfield code="d">8</subfield>
    <subfield code="V">import</subfield>
    <subfield code="b">1725550-70</subfield>
    <subfield code="a">23173921990006446</subfield>
    <subfield code="t">8</subfield>
    <subfield code="c">01 Z 345</subfield>
    <subfield code="q">Bd. 143 (2007)</subfield>
    <subfield code="W">2020-11-17 19:43:34</subfield>
    <subfield code="u">D0001</subfield>
    <subfield code="w">D0001</subfield>
  </datafield>
  <datafield tag="ITM" ind1=" " ind2=" ">
    <subfield code="H">22173922050006446</subfield>
    <subfield code="x">D00</subfield>
    <subfield code="f">ISSBD</subfield>
    <subfield code="v">D00</subfield>
    <subfield code="p">30</subfield>
    <subfield code="X">System</subfield>
    <subfield code="U">2011-04-28 10:59:00</subfield>
    <subfield code="Y">2021-04-07 16:07:07</subfield>
    <subfield code="h">false</subfield>
    <subfield code="e">00001</subfield>
    <subfield code="n">01Z345_d</subfield>
    <subfield code="P">01/a//</subfield>
    <subfield code="i">145</subfield>
    <subfield code="k">2009</subfield>
    <subfield code="M">49HBZ_UDE</subfield>
    <subfield code="s">1</subfield>
    <subfield code="d">8</subfield>
    <subfield code="V">import</subfield>
    <subfield code="F">s. &quot;Mahnen&quot;</subfield>
    <subfield code="b">1725550-90</subfield>
    <subfield code="a">23173921970006446</subfield>
    <subfield code="t">8</subfield>
    <subfield code="c">01 Z 345</subfield>
    <subfield code="q">Bd. 145 (2009)</subfield>
    <subfield code="W">2020-11-17 19:43:34</subfield>
    <subfield code="u">D0001</subfield>
    <subfield code="w">D0001</subfield>
  </datafield>
  <datafield tag="ITM" ind1=" " ind2=" ">
    <subfield code="H">22173922050006446</subfield>
    <subfield code="x">D00</subfield>
    <subfield code="f">ISSBD</subfield>
    <subfield code="v">D00</subfield>
    <subfield code="p">30</subfield>
    <subfield code="X">System</subfield>
    <subfield code="U">2010-09-03 10:59:00</subfield>
    <subfield code="Y">2021-04-07 16:07:05</subfield>
    <subfield code="h">false</subfield>
    <subfield code="e">00001</subfield>
    <subfield code="n">01Z345_d</subfield>
    <subfield code="P">01/a//</subfield>
    <subfield code="i">146</subfield>
    <subfield code="k">2010</subfield>
    <subfield code="M">49HBZ_UDE</subfield>
    <subfield code="s">1</subfield>
    <subfield code="d">8</subfield>
    <subfield code="V">import</subfield>
    <subfield code="F">damit Ersch. eingestellt</subfield>
    <subfield code="b">1725550-100</subfield>
    <subfield code="a">23173921940006446</subfield>
    <subfield code="t">8</subfield>
    <subfield code="c">01 Z 345</subfield>
    <subfield code="q">Bd. 146 (2010)</subfield>
    <subfield code="W">2020-11-17 19:43:34</subfield>
    <subfield code="u">D0001</subfield>
    <subfield code="w">D0001</subfield>
  </datafield>
  <datafield tag="ITM" ind1=" " ind2=" ">
    <subfield code="H">22173922050006446</subfield>
    <subfield code="x">D00</subfield>
    <subfield code="f">ISSBD</subfield>
    <subfield code="v">D00</subfield>
    <subfield code="p">30</subfield>
    <subfield code="X">System</subfield>
    <subfield code="U">2008-10-07 10:59:00</subfield>
    <subfield code="Y">2021-04-07 16:07:05</subfield>
    <subfield code="h">false</subfield>
    <subfield code="e">00001</subfield>
    <subfield code="n">01Z345_d</subfield>
    <subfield code="P">01/a//</subfield>
    <subfield code="i">144</subfield>
    <subfield code="k">2008</subfield>
    <subfield code="M">49HBZ_UDE</subfield>
    <subfield code="s">1</subfield>
    <subfield code="d">8</subfield>
    <subfield code="V">import</subfield>
    <subfield code="b">1725550-80</subfield>
    <subfield code="a">23173921980006446</subfield>
    <subfield code="t">8</subfield>
    <subfield code="c">01 Z 345</subfield>
    <subfield code="q">Bd. 144 (2008)</subfield>
    <subfield code="W">2020-11-17 19:43:34</subfield>
    <subfield code="u">D0001</subfield>
    <subfield code="w">D0001</subfield>
  </datafield>
  <datafield tag="ITM" ind1=" " ind2=" ">
    <subfield code="H">22173922050006446</subfield>
    <subfield code="x">D00</subfield>
    <subfield code="f">ISSBD</subfield>
    <subfield code="v">D00</subfield>
    <subfield code="p">30</subfield>
    <subfield code="X">System</subfield>
    <subfield code="U">2007-09-03 10:59:00</subfield>
    <subfield code="Y">2021-04-07 16:07:07</subfield>
    <subfield code="h">false</subfield>
    <subfield code="e">00001</subfield>
    <subfield code="n">01Z345_d</subfield>
    <subfield code="P">01/a//</subfield>
    <subfield code="j">142</subfield>
    <subfield code="i">2006</subfield>
    <subfield code="M">49HBZ_UDE</subfield>
    <subfield code="s">1</subfield>
    <subfield code="d">8</subfield>
    <subfield code="V">import</subfield>
    <subfield code="b">1725550-60</subfield>
    <subfield code="a">23173922000006446</subfield>
    <subfield code="t">8</subfield>
    <subfield code="c">01 Z 345</subfield>
    <subfield code="q">Bd. 142 (2006)</subfield>
    <subfield code="W">2020-11-17 19:43:34</subfield>
    <subfield code="u">D0001</subfield>
    <subfield code="w">D0001</subfield>
  </datafield>
  <datafield tag="ITM" ind1=" " ind2=" ">
    <subfield code="H">22173922050006446</subfield>
    <subfield code="x">D00</subfield>
    <subfield code="f">ISSBD</subfield>
    <subfield code="v">D00</subfield>
    <subfield code="p">30</subfield>
    <subfield code="X">System</subfield>
    <subfield code="U">2005-07-18 10:59:00</subfield>
    <subfield code="Y">2021-04-07 16:07:08</subfield>
    <subfield code="h">false</subfield>
    <subfield code="e">00001</subfield>
    <subfield code="n">01Z345_d</subfield>
    <subfield code="P">01/a//</subfield>
    <subfield code="j">141</subfield>
    <subfield code="i">2005</subfield>
    <subfield code="M">49HBZ_UDE</subfield>
    <subfield code="s">1</subfield>
    <subfield code="d">8</subfield>
    <subfield code="V">import</subfield>
    <subfield code="b">1725550-50</subfield>
    <subfield code="a">23173922010006446</subfield>
    <subfield code="t">8</subfield>
    <subfield code="c">01 Z 345</subfield>
    <subfield code="q"> 2005  141</subfield>
    <subfield code="W">2020-11-17 19:43:34</subfield>
    <subfield code="u">D0001</subfield>
    <subfield code="w">D0001</subfield>
  </datafield>
  <datafield tag="ITM" ind1=" " ind2=" ">
    <subfield code="H">22173922050006446</subfield>
    <subfield code="x">D00</subfield>
    <subfield code="f">ISSBD</subfield>
    <subfield code="v">D00</subfield>
    <subfield code="p">30</subfield>
    <subfield code="X">System</subfield>
    <subfield code="U">2004-02-27 10:59:00</subfield>
    <subfield code="Y">2021-04-07 16:07:07</subfield>
    <subfield code="h">false</subfield>
    <subfield code="e">00001</subfield>
    <subfield code="n">01Z345_d</subfield>
    <subfield code="j">140</subfield>
    <subfield code="i">2004</subfield>
    <subfield code="M">49HBZ_UDE</subfield>
    <subfield code="s">1</subfield>
    <subfield code="d">8</subfield>
    <subfield code="V">import</subfield>
    <subfield code="b">1725550-40</subfield>
    <subfield code="a">23173922020006446</subfield>
    <subfield code="t">8</subfield>
    <subfield code="c">01 Z 345</subfield>
    <subfield code="q"> 2004  140</subfield>
    <subfield code="W">2020-11-17 19:43:34</subfield>
    <subfield code="u">D0001</subfield>
    <subfield code="w">D0001</subfield>
  </datafield>
  <datafield tag="ITM" ind1=" " ind2=" ">
    <subfield code="H">22173922050006446</subfield>
    <subfield code="x">D00</subfield>
    <subfield code="f">ISSBD</subfield>
    <subfield code="v">D00</subfield>
    <subfield code="p">30</subfield>
    <subfield code="X">System</subfield>
    <subfield code="U">2003-02-03 10:59:00</subfield>
    <subfield code="Y">2021-04-07 16:07:06</subfield>
    <subfield code="h">false</subfield>
    <subfield code="e">00001</subfield>
    <subfield code="n">01Z345_d</subfield>
    <subfield code="j">139</subfield>
    <subfield code="i">2003</subfield>
    <subfield code="M">49HBZ_UDE</subfield>
    <subfield code="s">1</subfield>
    <subfield code="d">8</subfield>
    <subfield code="V">import</subfield>
    <subfield code="b">1725550-30</subfield>
    <subfield code="a">23173922030006446</subfield>
    <subfield code="t">8</subfield>
    <subfield code="c">01 Z 345</subfield>
    <subfield code="q"> 2003  139</subfield>
    <subfield code="W">2020-11-17 19:43:34</subfield>
    <subfield code="u">D0001</subfield>
    <subfield code="w">D0001</subfield>
  </datafield>
  <datafield tag="ITM" ind1=" " ind2=" ">
    <subfield code="H">22173922050006446</subfield>
    <subfield code="x">D00</subfield>
    <subfield code="f">ISSBD</subfield>
    <subfield code="v">D00</subfield>
    <subfield code="p">30</subfield>
    <subfield code="X">System</subfield>
    <subfield code="U">2002-02-01 10:59:00</subfield>
    <subfield code="Y">2021-04-07 16:07:08</subfield>
    <subfield code="h">false</subfield>
    <subfield code="e">00001</subfield>
    <subfield code="n">01Z345_d</subfield>
    <subfield code="j">138</subfield>
    <subfield code="i">2002</subfield>
    <subfield code="M">49HBZ_UDE</subfield>
    <subfield code="s">1</subfield>
    <subfield code="d">8</subfield>
    <subfield code="V">import</subfield>
    <subfield code="b">1725550-20</subfield>
    <subfield code="a">23173922040006446</subfield>
    <subfield code="t">8</subfield>
    <subfield code="c">01 Z 345</subfield>
    <subfield code="q"> 2002  138</subfield>
    <subfield code="W">2020-11-17 19:43:34</subfield>
    <subfield code="u">D0001</subfield>
    <subfield code="w">D0001</subfield>
  </datafield>
  <datafield tag="H16" ind1="7" ind2=" ">
    <subfield code="a">1361914-7</subfield>
    <subfield code="2">DE-600</subfield>
    <subfield code="8">22198336210006443</subfield>
  </datafield>
  <datafield tag="H35" ind1=" " ind2=" ">
    <subfield code="a">(DE-600)051284405</subfield>
    <subfield code="8">22198336210006443</subfield>
  </datafield>
  <datafield tag="H92" ind1=" " ind2=" ">
    <subfield code="a">401000-0</subfield>
    <subfield code="d">61</subfield>
    <subfield code="k">NRW</subfield>
    <subfield code="l">a</subfield>
    <subfield code="o">c</subfield>
    <subfield code="8">22198336210006443</subfield>
  </datafield>
  <datafield tag="H52" ind1="8" ind2="1">
    <subfield code="a">DE-61</subfield>
    <subfield code="b">X0001</subfield>
    <subfield code="c">02P</subfield>
    <subfield code="h">wir a 940 a 615</subfield>
    <subfield code="8">22198336210006443</subfield>
  </datafield>
  <datafield tag="H59" ind1="0" ind2="0">
    <subfield code="8">1.1\x</subfield>
    <subfield code="a">133</subfield>
    <subfield code="i">1997</subfield>
    <subfield code="8">22198336210006443</subfield>
  </datafield>
  <datafield tag="H59" ind1="1" ind2="0">
    <subfield code="8">1.2\x</subfield>
    <subfield code="a">140</subfield>
    <subfield code="i">2004</subfield>
    <subfield code="8">22198336210006443</subfield>
  </datafield>
  <datafield tag="H66" ind1="3" ind2="0">
    <subfield code="a">133.1997 - 140.2004</subfield>
    <subfield code="8">22198336210006443</subfield>
  </datafield>
  <datafield tag="HOL" ind1=" " ind2=" ">
    <subfield code="b">2020-11-16 15:41:06</subfield>
    <subfield code="8">22198336210006443</subfield>
    <subfield code="M">49HBZ_DUE</subfield>
    <subfield code="g">false</subfield>
    <subfield code="a">import</subfield>
  </datafield>
  <datafield tag="ITM" ind1=" " ind2=" ">
    <subfield code="H">22198336210006443</subfield>
    <subfield code="x">02P</subfield>
    <subfield code="f">ISSUE</subfield>
    <subfield code="v">02P</subfield>
    <subfield code="p">32</subfield>
    <subfield code="X">System</subfield>
    <subfield code="U">2003-02-05 10:59:00</subfield>
    <subfield code="Y">2020-11-16 15:42:07</subfield>
    <subfield code="h">false</subfield>
    <subfield code="e">00001</subfield>
    <subfield code="n">wira940.a615</subfield>
    <subfield code="j">1</subfield>
    <subfield code="i">139</subfield>
    <subfield code="k">2003</subfield>
    <subfield code="M">49HBZ_DUE</subfield>
    <subfield code="s">1</subfield>
    <subfield code="d">8</subfield>
    <subfield code="V">import</subfield>
    <subfield code="a">23198336190006443</subfield>
    <subfield code="t">8</subfield>
    <subfield code="c">wir a 940 a 615</subfield>
    <subfield code="q">139.2003</subfield>
    <subfield code="W">2020-11-16 15:41:06</subfield>
    <subfield code="u">X0001</subfield>
    <subfield code="w">X0001</subfield>
  </datafield>
  <datafield tag="ITM" ind1=" " ind2=" ">
    <subfield code="H">22198336210006443</subfield>
    <subfield code="x">02P</subfield>
    <subfield code="f">ISSBD</subfield>
    <subfield code="v">02P</subfield>
    <subfield code="p">32</subfield>
    <subfield code="X">System</subfield>
    <subfield code="U">2002-02-13 10:59:00</subfield>
    <subfield code="Y">2020-11-16 15:42:07</subfield>
    <subfield code="h">false</subfield>
    <subfield code="e">00001</subfield>
    <subfield code="n">wira940.a615</subfield>
    <subfield code="j">1</subfield>
    <subfield code="i">138</subfield>
    <subfield code="k">2002</subfield>
    <subfield code="M">49HBZ_DUE</subfield>
    <subfield code="s">1</subfield>
    <subfield code="d">8</subfield>
    <subfield code="V">import</subfield>
    <subfield code="a">23198336200006443</subfield>
    <subfield code="t">8</subfield>
    <subfield code="c">wir a 940 a 615</subfield>
    <subfield code="q">138.2002</subfield>
    <subfield code="W">2020-11-16 15:41:06</subfield>
    <subfield code="u">X0001</subfield>
    <subfield code="w">X0001</subfield>
  </datafield>
  <datafield tag="ITM" ind1=" " ind2=" ">
    <subfield code="H">22198336210006443</subfield>
    <subfield code="x">02P</subfield>
    <subfield code="f">ISSBD</subfield>
    <subfield code="v">02P</subfield>
    <subfield code="p">32</subfield>
    <subfield code="X">System</subfield>
    <subfield code="U">2004-03-16 10:59:00</subfield>
    <subfield code="Y">2020-11-16 15:42:07</subfield>
    <subfield code="h">false</subfield>
    <subfield code="e">00001</subfield>
    <subfield code="n">wira940.a615</subfield>
    <subfield code="P">40/a/n/1</subfield>
    <subfield code="j">1</subfield>
    <subfield code="i">140</subfield>
    <subfield code="k">2004</subfield>
    <subfield code="M">49HBZ_DUE</subfield>
    <subfield code="s">1</subfield>
    <subfield code="d">8</subfield>
    <subfield code="V">import</subfield>
    <subfield code="a">23198336180006443</subfield>
    <subfield code="t">8</subfield>
    <subfield code="c">wir a 940 a 615</subfield>
    <subfield code="D">20040316</subfield>
    <subfield code="q">140.2004</subfield>
    <subfield code="W">2020-11-16 15:41:06</subfield>
    <subfield code="u">X0001</subfield>
    <subfield code="w">X0001</subfield>
  </datafield>
  <datafield tag="GSI" ind1="7" ind2=" ">
    <subfield code="a">http://d-nb.info/gnd/4126610-9</subfield>
    <subfield code="2">uri</subfield>
    <subfield code="A">GND</subfield>
    <subfield code="B">GND-041266102</subfield>
    <subfield code="C">024</subfield>
  </datafield>
  <datafield tag="GSI" ind1="7" ind2=" ">
    <subfield code="a">http://d-nb.info/gnd/4022153-2</subfield>
    <subfield code="2">uri</subfield>
    <subfield code="A">GND</subfield>
    <subfield code="B">GND-040221539</subfield>
    <subfield code="C">024</subfield>
  </datafield>
  <datafield tag="GGN" ind1=" " ind2=" ">
    <subfield code="a">Vereinigtes Ko&#776;nigreich von Gro&#223;britannien und Nordirland</subfield>
    <subfield code="A">GND</subfield>
    <subfield code="B">GND-040221539</subfield>
    <subfield code="C">451</subfield>
  </datafield>
  <datafield tag="GGN" ind1=" " ind2=" ">
    <subfield code="a">Gro&#223;britannien und Nordirland</subfield>
    <subfield code="A">GND</subfield>
    <subfield code="B">GND-040221539</subfield>
    <subfield code="C">451</subfield>
  </datafield>
  <datafield tag="GGN" ind1=" " ind2=" ">
    <subfield code="a">England</subfield>
    <subfield code="g">1707-</subfield>
    <subfield code="A">GND</subfield>
    <subfield code="B">GND-040221539</subfield>
    <subfield code="C">451</subfield>
  </datafield>
  <datafield tag="GGN" ind1=" " ind2=" ">
    <subfield code="a">UK</subfield>
    <subfield code="4">abku</subfield>
    <subfield code="4">http://d-nb.info/standards/elementset/gnd#abbreviatedNameForThePlaceOrGeographicName</subfield>
    <subfield code="w">r</subfield>
    <subfield code="i">Abkuerzung</subfield>
    <subfield code="A">GND</subfield>
    <subfield code="B">GND-040221539</subfield>
    <subfield code="C">451</subfield>
  </datafield>
  <datafield tag="GGN" ind1=" " ind2=" ">
    <subfield code="a">Angleterre</subfield>
    <subfield code="A">GND</subfield>
    <subfield code="B">GND-040221539</subfield>
    <subfield code="C">451</subfield>
  </datafield>
  <datafield tag="GGN" ind1=" " ind2=" ">
    <subfield code="a">Bri&#772;t&#803;a&#772;niya&#772; al-&#703;Uz&#803;ma&#772;</subfield>
    <subfield code="A">GND</subfield>
    <subfield code="B">GND-040221539</subfield>
    <subfield code="C">451</subfield>
  </datafield>
  <datafield tag="GGN" ind1=" " ind2=" ">
    <subfield code="a">Bri&#772;t&#803;a&#772;niya &apos;l-&#703;Uz&#803;ma&#772;</subfield>
    <subfield code="A">GND</subfield>
    <subfield code="B">GND-040221539</subfield>
    <subfield code="C">451</subfield>
  </datafield>
  <datafield tag="GGN" ind1=" " ind2=" ">
    <subfield code="a">Vereinigtes Ko&#776;nigreich Gro&#223;britannien und Nordirland</subfield>
    <subfield code="A">GND</subfield>
    <subfield code="B">GND-040221539</subfield>
    <subfield code="C">451</subfield>
  </datafield>
  <datafield tag="GGN" ind1=" " ind2=" ">
    <subfield code="a">United Kingdom</subfield>
    <subfield code="A">GND</subfield>
    <subfield code="B">GND-040221539</subfield>
    <subfield code="C">451</subfield>
  </datafield>
  <datafield tag="GGN" ind1=" " ind2=" ">
    <subfield code="a">United Kingdom of Great Britain and Northern Ireland</subfield>
    <subfield code="A">GND</subfield>
    <subfield code="B">GND-040221539</subfield>
    <subfield code="C">451</subfield>
  </datafield>
  <datafield tag="GGN" ind1=" " ind2=" ">
    <subfield code="a">Great Britain</subfield>
    <subfield code="A">GND</subfield>
    <subfield code="B">GND-040221539</subfield>
    <subfield code="C">451</subfield>
  </datafield>
  <datafield tag="GGN" ind1=" " ind2=" ">
    <subfield code="a">Grande Bretagne</subfield>
    <subfield code="A">GND</subfield>
    <subfield code="B">GND-040221539</subfield>
    <subfield code="C">451</subfield>
  </datafield>
  <datafield tag="GGN" ind1=" " ind2=" ">
    <subfield code="a">British Isles</subfield>
    <subfield code="A">GND</subfield>
    <subfield code="B">GND-040221539</subfield>
    <subfield code="C">451</subfield>
  </datafield>
  <datafield tag="GGN" ind1=" " ind2=" ">
    <subfield code="a">United Kingdom of Great Britain and Ireland</subfield>
    <subfield code="A">GND</subfield>
    <subfield code="B">GND-040221539</subfield>
    <subfield code="C">451</subfield>
  </datafield>
  <datafield tag="GGN" ind1=" " ind2=" ">
    <subfield code="a">Royaume-Uni</subfield>
    <subfield code="A">GND</subfield>
    <subfield code="B">GND-040221539</subfield>
    <subfield code="C">451</subfield>
  </datafield>
  <datafield tag="GGN" ind1=" " ind2=" ">
    <subfield code="a">Gran Bretagna</subfield>
    <subfield code="A">GND</subfield>
    <subfield code="B">GND-040221539</subfield>
    <subfield code="C">451</subfield>
  </datafield>
  <datafield tag="GGN" ind1=" " ind2=" ">
    <subfield code="a">UK</subfield>
    <subfield code="g">United Kingdom</subfield>
    <subfield code="A">GND</subfield>
    <subfield code="B">GND-040221539</subfield>
    <subfield code="C">451</subfield>
  </datafield>
  <datafield tag="GGN" ind1=" " ind2=" ">
    <subfield code="a">U.K.</subfield>
    <subfield code="g">United Kingdom</subfield>
    <subfield code="A">GND</subfield>
    <subfield code="B">GND-040221539</subfield>
    <subfield code="C">451</subfield>
  </datafield>
  <datafield tag="GGN" ind1=" " ind2=" ">
    <subfield code="a">GB</subfield>
    <subfield code="g">Great Britain</subfield>
    <subfield code="A">GND</subfield>
    <subfield code="B">GND-040221539</subfield>
    <subfield code="C">451</subfield>
  </datafield>
  <datafield tag="GGN" ind1=" " ind2=" ">
    <subfield code="a">England</subfield>
    <subfield code="g">Staat ab 1707</subfield>
    <subfield code="A">GND</subfield>
    <subfield code="B">GND-040221539</subfield>
    <subfield code="C">451</subfield>
  </datafield>
  <datafield tag="GGN" ind1=" " ind2=" ">
    <subfield code="a">Grande-Bretagne</subfield>
    <subfield code="A">GND</subfield>
    <subfield code="B">GND-040221539</subfield>
    <subfield code="C">451</subfield>
  </datafield>
  <datafield tag="GGN" ind1=" " ind2=" ">
    <subfield code="a">Grossbritannien</subfield>
    <subfield code="A">GND</subfield>
    <subfield code="B">GND-040221539</subfield>
    <subfield code="C">451</subfield>
  </datafield>
  <datafield tag="GGN" ind1=" " ind2=" ">
    <subfield code="a">British Empire</subfield>
    <subfield code="A">GND</subfield>
    <subfield code="B">GND-040221539</subfield>
    <subfield code="C">451</subfield>
  </datafield>
  <datafield tag="GGN" ind1=" " ind2=" ">
    <subfield code="a">Britisches Reich</subfield>
    <subfield code="A">GND</subfield>
    <subfield code="B">GND-040221539</subfield>
    <subfield code="C">451</subfield>
  </datafield>
  <datafield tag="GGN" ind1=" " ind2=" ">
    <subfield code="a">UK</subfield>
    <subfield code="A">GND</subfield>
    <subfield code="B">GND-040221539</subfield>
    <subfield code="C">451</subfield>
  </datafield>
  <datafield tag="GST" ind1=" " ind2=" ">
    <subfield code="a">Periodikum</subfield>
    <subfield code="A">GND-CONTENT</subfield>
    <subfield code="B">GND-040674886</subfield>
    <subfield code="C">450</subfield>
  </datafield>
  <datafield tag="GST" ind1=" " ind2=" ">
    <subfield code="a">Zeitschriften</subfield>
    <subfield code="A">GND-CONTENT</subfield>
    <subfield code="B">GND-040674886</subfield>
    <subfield code="C">450</subfield>
  </datafield>
  <datafield tag="GSI" ind1="7" ind2=" ">
    <subfield code="a">http://d-nb.info/gnd/4067488-5</subfield>
    <subfield code="2">uri</subfield>
    <subfield code="A">GND-CONTENT</subfield>
    <subfield code="B">GND-040674886</subfield>
    <subfield code="C">024</subfield>
  </datafield>
  <datafield tag="GKT" ind1="2" ind2=" ">
    <subfield code="a">Office for National Statistics</subfield>
    <subfield code="g">Gro&#223;britannien</subfield>
    <subfield code="A">GND</subfield>
    <subfield code="B">GND-948101210</subfield>
    <subfield code="C">410</subfield>
  </datafield>
  <datafield tag="GKT" ind1="1" ind2=" ">
    <subfield code="a">Gro&#223;britannien</subfield>
    <subfield code="b">National Statistics</subfield>
    <subfield code="A">GND</subfield>
    <subfield code="B">GND-948101210</subfield>
    <subfield code="C">410</subfield>
  </datafield>
  <datafield tag="GKT" ind1="2" ind2=" ">
    <subfield code="a">National Statistics</subfield>
    <subfield code="g">Gro&#223;britannien</subfield>
    <subfield code="A">GND</subfield>
    <subfield code="B">GND-948101210</subfield>
    <subfield code="C">410</subfield>
  </datafield>
  <datafield tag="GKT" ind1="2" ind2=" ">
    <subfield code="a">ONS</subfield>
    <subfield code="4">abku</subfield>
    <subfield code="4">http://d-nb.info/standards/elementset/gnd#abbreviatedNameForTheCorporateBody</subfield>
    <subfield code="w">r</subfield>
    <subfield code="i">Abkuerzung</subfield>
    <subfield code="e">Abkuerzung</subfield>
    <subfield code="A">GND</subfield>
    <subfield code="B">GND-948101210</subfield>
    <subfield code="C">410</subfield>
  </datafield>
  <datafield tag="GSI" ind1="7" ind2=" ">
    <subfield code="a">http://d-nb.info/gnd/5176735-1</subfield>
    <subfield code="2">uri</subfield>
    <subfield code="A">GND</subfield>
    <subfield code="B">GND-948101210</subfield>
    <subfield code="C">024</subfield>
  </datafield>
  <datafield tag="GSI" ind1="7" ind2=" ">
    <subfield code="a">http://d-nb.info/gnd/4022153-2</subfield>
    <subfield code="2">uri</subfield>
    <subfield code="A">GND</subfield>
    <subfield code="B">GND-040221539</subfield>
    <subfield code="C">024</subfield>
  </datafield>
  <datafield tag="GGN" ind1=" " ind2=" ">
    <subfield code="a">Vereinigtes Ko&#776;nigreich von Gro&#223;britannien und Nordirland</subfield>
    <subfield code="A">GND</subfield>
    <subfield code="B">GND-040221539</subfield>
    <subfield code="C">451</subfield>
  </datafield>
  <datafield tag="GGN" ind1=" " ind2=" ">
    <subfield code="a">Gro&#223;britannien und Nordirland</subfield>
    <subfield code="A">GND</subfield>
    <subfield code="B">GND-040221539</subfield>
    <subfield code="C">451</subfield>
  </datafield>
  <datafield tag="GGN" ind1=" " ind2=" ">
    <subfield code="a">England</subfield>
    <subfield code="g">1707-</subfield>
    <subfield code="A">GND</subfield>
    <subfield code="B">GND-040221539</subfield>
    <subfield code="C">451</subfield>
  </datafield>
  <datafield tag="GGN" ind1=" " ind2=" ">
    <subfield code="a">UK</subfield>
    <subfield code="4">abku</subfield>
    <subfield code="4">http://d-nb.info/standards/elementset/gnd#abbreviatedNameForThePlaceOrGeographicName</subfield>
    <subfield code="w">r</subfield>
    <subfield code="i">Abkuerzung</subfield>
    <subfield code="A">GND</subfield>
    <subfield code="B">GND-040221539</subfield>
    <subfield code="C">451</subfield>
  </datafield>
  <datafield tag="GGN" ind1=" " ind2=" ">
    <subfield code="a">Angleterre</subfield>
    <subfield code="A">GND</subfield>
    <subfield code="B">GND-040221539</subfield>
    <subfield code="C">451</subfield>
  </datafield>
  <datafield tag="GGN" ind1=" " ind2=" ">
    <subfield code="a">Bri&#772;t&#803;a&#772;niya&#772; al-&#703;Uz&#803;ma&#772;</subfield>
    <subfield code="A">GND</subfield>
    <subfield code="B">GND-040221539</subfield>
    <subfield code="C">451</subfield>
  </datafield>
  <datafield tag="GGN" ind1=" " ind2=" ">
    <subfield code="a">Bri&#772;t&#803;a&#772;niya &apos;l-&#703;Uz&#803;ma&#772;</subfield>
    <subfield code="A">GND</subfield>
    <subfield code="B">GND-040221539</subfield>
    <subfield code="C">451</subfield>
  </datafield>
  <datafield tag="GGN" ind1=" " ind2=" ">
    <subfield code="a">Vereinigtes Ko&#776;nigreich Gro&#223;britannien und Nordirland</subfield>
    <subfield code="A">GND</subfield>
    <subfield code="B">GND-040221539</subfield>
    <subfield code="C">451</subfield>
  </datafield>
  <datafield tag="GGN" ind1=" " ind2=" ">
    <subfield code="a">United Kingdom</subfield>
    <subfield code="A">GND</subfield>
    <subfield code="B">GND-040221539</subfield>
    <subfield code="C">451</subfield>
  </datafield>
  <datafield tag="GGN" ind1=" " ind2=" ">
    <subfield code="a">United Kingdom of Great Britain and Northern Ireland</subfield>
    <subfield code="A">GND</subfield>
    <subfield code="B">GND-040221539</subfield>
    <subfield code="C">451</subfield>
  </datafield>
  <datafield tag="GGN" ind1=" " ind2=" ">
    <subfield code="a">Great Britain</subfield>
    <subfield code="A">GND</subfield>
    <subfield code="B">GND-040221539</subfield>
    <subfield code="C">451</subfield>
  </datafield>
  <datafield tag="GGN" ind1=" " ind2=" ">
    <subfield code="a">Grande Bretagne</subfield>
    <subfield code="A">GND</subfield>
    <subfield code="B">GND-040221539</subfield>
    <subfield code="C">451</subfield>
  </datafield>
  <datafield tag="GGN" ind1=" " ind2=" ">
    <subfield code="a">British Isles</subfield>
    <subfield code="A">GND</subfield>
    <subfield code="B">GND-040221539</subfield>
    <subfield code="C">451</subfield>
  </datafield>
  <datafield tag="GGN" ind1=" " ind2=" ">
    <subfield code="a">United Kingdom of Great Britain and Ireland</subfield>
    <subfield code="A">GND</subfield>
    <subfield code="B">GND-040221539</subfield>
    <subfield code="C">451</subfield>
  </datafield>
  <datafield tag="GGN" ind1=" " ind2=" ">
    <subfield code="a">Royaume-Uni</subfield>
    <subfield code="A">GND</subfield>
    <subfield code="B">GND-040221539</subfield>
    <subfield code="C">451</subfield>
  </datafield>
  <datafield tag="GGN" ind1=" " ind2=" ">
    <subfield code="a">Gran Bretagna</subfield>
    <subfield code="A">GND</subfield>
    <subfield code="B">GND-040221539</subfield>
    <subfield code="C">451</subfield>
  </datafield>
  <datafield tag="GGN" ind1=" " ind2=" ">
    <subfield code="a">UK</subfield>
    <subfield code="g">United Kingdom</subfield>
    <subfield code="A">GND</subfield>
    <subfield code="B">GND-040221539</subfield>
    <subfield code="C">451</subfield>
  </datafield>
  <datafield tag="GGN" ind1=" " ind2=" ">
    <subfield code="a">U.K.</subfield>
    <subfield code="g">United Kingdom</subfield>
    <subfield code="A">GND</subfield>
    <subfield code="B">GND-040221539</subfield>
    <subfield code="C">451</subfield>
  </datafield>
  <datafield tag="GGN" ind1=" " ind2=" ">
    <subfield code="a">GB</subfield>
    <subfield code="g">Great Britain</subfield>
    <subfield code="A">GND</subfield>
    <subfield code="B">GND-040221539</subfield>
    <subfield code="C">451</subfield>
  </datafield>
  <datafield tag="GGN" ind1=" " ind2=" ">
    <subfield code="a">England</subfield>
    <subfield code="g">Staat ab 1707</subfield>
    <subfield code="A">GND</subfield>
    <subfield code="B">GND-040221539</subfield>
    <subfield code="C">451</subfield>
  </datafield>
  <datafield tag="GGN" ind1=" " ind2=" ">
    <subfield code="a">Grande-Bretagne</subfield>
    <subfield code="A">GND</subfield>
    <subfield code="B">GND-040221539</subfield>
    <subfield code="C">451</subfield>
  </datafield>
  <datafield tag="GGN" ind1=" " ind2=" ">
    <subfield code="a">Grossbritannien</subfield>
    <subfield code="A">GND</subfield>
    <subfield code="B">GND-040221539</subfield>
    <subfield code="C">451</subfield>
  </datafield>
  <datafield tag="GGN" ind1=" " ind2=" ">
    <subfield code="a">British Empire</subfield>
    <subfield code="A">GND</subfield>
    <subfield code="B">GND-040221539</subfield>
    <subfield code="C">451</subfield>
  </datafield>
  <datafield tag="GGN" ind1=" " ind2=" ">
    <subfield code="a">Britisches Reich</subfield>
    <subfield code="A">GND</subfield>
    <subfield code="B">GND-040221539</subfield>
    <subfield code="C">451</subfield>
  </datafield>
  <datafield tag="GGN" ind1=" " ind2=" ">
    <subfield code="a">UK</subfield>
    <subfield code="A">GND</subfield>
    <subfield code="B">GND-040221539</subfield>
    <subfield code="C">451</subfield>
  </datafield>
</record>